<?xml version="1.0" encoding="UTF-8"?><record xmlns="http://www.loc.gov/MARC21/slim" xmlns:cinclude="http://apache.org/cocoon/include/1.0" xmlns:zs="http://www.loc.gov/zing/srw/">
  <leader>00519nz  a2200145n  4500</leader>
  <controlfield tag="001">no2008170962</controlfield>
  <controlfield tag="003">DLC</controlfield>
  <controlfield tag="005">20081120082527.0</controlfield>
  <controlfield tag="008">081118n| acannaabn          |n aaa     c</controlfield>
  <datafield tag="010" ind1=" " ind2=" ">
    <subfield code="a">no2008170962</subfield>
  </datafield>
  <datafield tag="035" ind1=" " ind2=" ">
    <subfield code="a">(OCoLC)oca07940812</subfield>
  </datafield>
  <datafield tag="040" ind1=" " ind2=" ">
    <subfield code="a">OCUCA</subfield>
    <subfield code="b">eng</subfield>
    <subfield code="c">OCUCA</subfield>
  </datafield>
  <datafield tag="100" ind1="1" ind2=" ">
    <subfield code="a">Hedrick, Andra J.,</subfield>
    <subfield code="d">1972-</subfield>
  </datafield>
  <datafield tag="670" ind1=" " ind2=" ">
    <subfield code="a">Pritchard on the law of wills and administration of estates, c2007:</subfield>
    <subfield code="b">t.p. (Andra J. Hedrick)</subfield>
  </datafield>
  <datafield tag="670" ind1=" " ind2=" ">
    <subfield code="a">Martindale.com, viewed Nov. 18, 2008:</subfield>
    <subfield code="b">(Andra J. Hedrick; b. Franklin, IN, Nov. 29, 1972; JD U. Memphis)</subfield>
  </datafield>
</record>